@misc{wiki:SQL,
   author = "Wikipedia",
   title = "{SQL} {W}ikipedia{,} The Free Encyclopedia",
   year = "2022",
   howpublished = {\url{http://es.wikipedia.org/w/index.php?title=SQL&oldid=145916326}},
   note = "[Online; accessed 18-September-2022]"
 }
@misc{yu1995postgres95,
  title={The {POSTGRES95} user manual},
  author={Yu, Andrew and Chen, Jolly},
  year={1995},
  publisher={Citeseer}
}
@book{geschwinde2002postgresql,
  title={PostgreSQL developer's handbook},
  author={Geschwinde, Ewald and Sch{\"o}nig, Hans-J{\"u}rgen},
  year={2002},
  publisher={Sams Publishing}
}
