
@book{ISO12207,
  author    = {Instituto Nacional de Calidad},
  year      = {2016},
  title     = {Ingeniería de software y sistemas. Procesos del ciclo de vida del software.},
  address   = {San Isidro, Lima, Perú},
  edition   = {3},
  publisher = {Instituto Nacional de Calidad},
  url       = {https://www.inacal.gob.pe/cid/categoria/normas-tecnicas-peruanas}
}


@techreport{quinteros_estefani2019,
    author = {Quinteros, Estefani },
    title = {Modelo Basado en la NTP ISO/IEC 12207:2016 para la Mejora del Proceso de Adquisición de Software en el OSIPTEL de Lima},
    year = {2019},
    institution = {Universidad Nacional del Centro del Perú},
    type = {Tesis}
}

